@article{KAPLAN2019,
	title = {Siri, Siri, in my hand: Who’s the fairest in the land? On the interpretations, illustrations, and implications of artificial intelligence},
	journal = {Business Horizons},
	volume = {62},
	number = {1},
	pages = {15-25},
	year = {2019},
	author = {Andreas Kaplan and Michael Haenlein},
}

@misc{Statista,
	author = {Arne Holst at Statista},
	title = {Volume of data/information created, captured, copied, and consumed worldwide from 2010 to 2025},
	year = 2021,
	url = {https://www.statista.com/statistics/871513/worldwide-data-created/}
}


@misc{jeopardy,
	author = {Youtube: IBM Research},
	title = {https://www.statista.com/statistics/871513/worldwide-data-created/},
	url = {https://www.statista.com/statistics/871513/worldwide-data-created/}
}

@misc{wikipediaNLP,
	author = {Wikipedia: Przetwarzanie Języka Naturalnego},
	title = {https://tinyurl.com/eng-nlp},
	url = {https://tinyurl.com/eng-nlp}
}

@misc{wikipediaTM,
author = {Wikipedia: Text mining},
title = {https://tinyurl.com/wikipedia-text-mining},
url = {https://tinyurl.com/wikipedia-text-mining}
}

@misc{wikipediaNLgeneration,
	author = {Wikipedia: Natural-language generation},
	title = {https://tinyurl.com/wikipedia-NL-generation},
	url = {https://tinyurl.com/wikipedia-NL-generation}
}

@misc{stopwords,
	author = {Kavita Ganesan},
	title = {https://kavita-ganesan.com/what-are-stop-words/},
	url = {https://kavita-ganesan.com/what-are-stop-words/}
}

@misc{normalizacja,
	author = {Kavita Ganesan},
	title = {https://kavita-ganesan.com/text-preprocessing-tutorial/},
	url = {https://kavita-ganesan.com/text-preprocessing-tutorial/}
}


@book{turing,
	title={Computability and Complexity Theory},
	author={Steven Homer, Alan L. Selman},
	isbn={0-3879-5055-9},
	year={2001},
	publisher={Springer Verlag}
}

@book{raschka,
	title={Python. Uczenie maszynowe. Wydanie II},
	author={Sebastian Raschka, Vahid Mirjalili},
	isbn={978-83-283-5121-9},
	year={2019},
	publisher={Packt Publishing}
}

@book{geron,
	title={Uczenie maszynowe z użyciem Scikit-Learn i TensorFlow. Wydanie II},
	author={Aurélien Géron},
	isbn={978-83-283-6002-0},
	year={2020},
	publisher={O'Reilly}
}

@book{cichosz2000,
	title={Systemy uczące się},
	author={Paweł Cichosz},
	isbn={978-83-204-3310-4},
	year={2007},
	publisher={WNT Wydawnictwa Naukowo-Techniczne}
}

@ARTICLE{samuel1959,
	author={Arthur L. Samuel},
	journal={IBM Journal of Research and Development}, 
	title={Some Studies in Machine Learning Using the Game of Checkers}, 
	year={1959},
	volume={3},
	number={3},
	pages={210-229},
}

@book{mitchell,
	title={Machine learning},
	author={Tom M. Mitchell},
	isbn={9780070428072},
	year={1997},
	publisher={McGraw-Hill}
}

@misc{website,
	author = {Algolytics},
	title = {Analityka predykcyjna dla początkujących --- część 1},
	url = {https://algolytics.pl/analityka-predykcyjna-dla-poczatkujacych-czesc-1/}
}

@misc{andrewng,
	author = {Andrew Ng},
	title = {Machine Learning Course on Coursera},
	url = {https://www.coursera.org/learn/machine-learning}
}

@misc{overfitting,
	author = {Wikipedia},
	title = {Przeuczenie (overfitting)},
	url = {https://pl.wikipedia.org/wiki/Nadmierne_dopasowanie}
}

@misc{mamczur,
	author = {Mirosław Mamczur},
	title = {Czym są hiperparametry i jak je dobrać?},
	url = {https://miroslawmamczur.pl/czym-sa-hiperparametry-i-jak-je-dobrac/}
}

@misc{countVectorizer,
	author = {Scikit Learn Documentation},
	title = {Count Vectorizer},
	url = {https://tinyurl.com/cnt-vectorizer}
}


@misc{paramC,
	author = {StackExchange},
	title = {https://stats.stackexchange.com/questions/31066/what-is-the-influence-of-c-in-svms-with-linear-kernel},
	url = {https://stats.stackexchange.com/questions/31066/what-is-the-influence-of-c-in-svms-with-linear-kernel}
}

@misc{unstructuredData,
	author = {Itrex Group, Unstructured Data},
	title = {https://itrexgroup.com/blog/your-unstructured-data/},
	url = {https://itrexgroup.com/blog/your-unstructured-data/}
}

https://itrexgroup.com/blog/your-unstructured-data/#header


@book{turingtesttimeline,
  title={Ai: The Tumultuous History Of The Search For Artificial Intelligence},
  author={Daniel Crevier},
  isbn={978-0465029976},
  year={1993},
  publisher={Basic Books}
}

@article{siecisemantyczne,
	title = {SEMANTIC MESSAGE DETECTION FOR MACHINE TRANSLATION, USING AN INTERLINGUA},
	journal = {International Conference on Machine Translation of Languages and Applied Language Analysis},
	volume = {Conference Paper},
	number = {},
	pages = {},
	year = {1961},
	author = {Margaret Masterman}
}


@article{eliza,
	author = {Weizenbaum, Joseph},
	title = {ELIZA—a Computer Program for the Study of Natural Language Communication between Man and Machine},
	year = {1966},
	issue_date = {Jan. 1966},
	publisher = {Association for Computing Machinery},
	address = {New York, NY, USA},
	volume = {9},
	number = {1},
	issn = {0001-0782},
	url = {https://doi.org/10.1145/365153.365168},
	doi = {10.1145/365153.365168},
	journal = {Commun. ACM},
	month = jan,
	pages = {36–45},
	numpages = {10}
}


@inproceedings{kwasniewicz2020you,
  title={How You Say or What You Say? Neural Activity in Message Credibility Evaluation},
  author={Kwa{\'s}niewicz, {\L}ukasz and W{\'o}jcik, Grzegorz M and Kawiak, Andrzej and Schneider, Piotr and Wierzbicki, Adam},
  booktitle={International Conference on Computational Science},
  pages={312--326},
  year={2020},
  organization={Springer}
}
@inproceedings{kawiak2020look,
  title={Look Who’s Talking: Modeling Decision Making Based on Source Credibility},
  author={Kawiak, Andrzej and W{\'o}jcik, Grzegorz M and Kwasniewicz, Lukasz and Schneider, Piotr and Wierzbicki, Adam},
  booktitle={International Conference on Computational Science},
  pages={327--341},
  year={2020},
  organization={Springer}
}
@book{knuth2014art,
  title={Art of computer programming, volume 2: Seminumerical algorithms},
  author={Knuth, Donald E},
  year={2014},
  publisher={Addison-Wesley Professional}
}
@book{rokach2007data,
  title={Data mining with decision trees: theory and applications},
  author={Rokach, Lior and Maimon, Oded Z},
  volume={69},
  year={2007},
  publisher={World scientific}
}
@article{ho2002data,
  title={A data complexity analysis of comparative advantages of decision forest constructors},
  author={Ho, Tin Kam},
  journal={Pattern Analysis \& Applications},
  volume={5},
  number={2},
  pages={102--112},
  year={2002},
  publisher={Springer}
}
@article{breiman1996bagging,
  title={Bagging predictors},
  author={Breiman, Leo},
  journal={Machine learning},
  volume={24},
  number={2},
  pages={123--140},
  year={1996},
  publisher={Springer}
}
@article{aizerman1964theoretical,
  title={Theoretical foundations of the potential function method in pattern recognition learning},
  author={Aizerman, Mark A},
  journal={Automation and remote control},
  volume={25},
  pages={821--837},
  year={1964}
}
@article{cortes1995support,
  title={Support-vector networks},
  author={Cortes, Corinna and Vapnik, Vladimir},
  journal={Machine learning},
  volume={20},
  number={3},
  pages={273--297},
  year={1995},
  publisher={Springer}
}

@article{o2015introduction,
  title={An introduction to convolutional neural networks},
  author={O'Shea, Keiron and Nash, Ryan},
  journal={arXiv preprint arXiv:1511.08458},
  year={2015}
}

@inproceedings{chauhan2018convolutional,
  title={Convolutional neural network (CNN) for image detection and recognition},
  author={Chauhan, Rahul and Ghanshala, Kamal Kumar and Joshi, RC},
  booktitle={2018 First International Conference on Secure Cyber Computing and Communication (ICSCCC)},
  pages={278--282},
  year={2018},
  organization={IEEE}
}
@book{gurney2013introduction,
  title={An introduction to neural networks},
  author={Gurney, Kevin},
  pages={29-31},
  year={2013},
  publisher={ROUTLEDGE}
}
@article{sharma2017activation,
  title={Activation functions in neural networks},
  author={Sharma, Sagar and Sharma, Simone},
  journal={Towards Data Science},
  volume={6},
  number={12},
  pages={310--316},
  year={2017}
}
@article{kingma2014adam,
  title={Adam: A method for stochastic optimization},
  author={Kingma, Diederik P and Ba, Jimmy},
  journal={arXiv preprint arXiv:1412.6980},
  year={2014}
}
@book{goodfellow2016deep,
  title={Deep learning},
  author={Goodfellow, Ian and Bengio, Yoshua and Courville, Aaron},
  year={2016},
  pages={200},
  publisher={MIT press}
}
@article{srivastava2014dropout,
  title={Dropout: a simple way to prevent neural networks from overfitting},
  author={Srivastava, Nitish and Hinton, Geoffrey and Krizhevsky, Alex and Sutskever, Ilya and Salakhutdinov, Ruslan},
  journal={The journal of machine learning research},
  volume={15},
  number={1},
  pages={1929--1958},
  year={2014},
  publisher={JMLR. org}
}
@article{mikolov2013efficient,
  title={Efficient estimation of word representations in vector space},
  author={Mikolov, Tomas and Chen, Kai and Corrado, Greg and Dean, Jeffrey},
  journal={arXiv preprint arXiv:1301.3781},
  year={2013}
}
@article{hochreiter1997long,
  title={Long short-term memory},
  author={Hochreiter, Sepp and Schmidhuber, J{\"u}rgen},
  journal={Neural computation},
  volume={9},
  number={8},
  pages={1735--1780},
  year={1997},
  publisher={MIT Press}
}
@article{opitz1999popular,
  title={Popular ensemble methods: An empirical study},
  author={Opitz, David and Maclin, Richard},
  journal={Journal of artificial intelligence research},
  volume={11},
  pages={169--198},
  year={1999}
}
@article{minaee2019deep,
  title={Deep-sentiment: Sentiment analysis using ensemble of cnn and bi-lstm models},
  author={Minaee, Shervin and Azimi, Elham and Abdolrashidi, AmirAli},
  journal={arXiv preprint arXiv:1904.04206},
  year={2019}
}
@article{tangirala2020evaluating,
  title={Evaluating the impact of GINI index and information gain on classification using decision tree classifier algorithm},
  author={Tangirala, Suryakanthi},
  journal={International Journal of Advanced Computer Science and Applications},
  volume={11},
  number={2},
  pages={612--619},
  year={2020}
}
@inproceedings{albawi2017understanding,
  title={Understanding of a convolutional neural network},
  author={Albawi, Saad and Mohammed, Tareq Abed and Al-Zawi, Saad},
  booktitle={2017 International Conference on Engineering and Technology (ICET)},
  pages={1--6},
  year={2017},
  organization={Ieee}
}
